<record><leader>00000cas a22000007a 4500</leader><controlfield tag="001">11349180</controlfield><controlfield tag="008">841105d19841986okuwr ne      0   a0eng d</controlfield><datafield ind1=" " ind2=" " tag="010"><subfield code="a">sn 84001754 </subfield></datafield><datafield ind1=" " ind2=" " tag="040"><subfield code="a">NSD</subfield><subfield code="b">eng</subfield><subfield code="c">NSD</subfield><subfield code="d">OBN</subfield><subfield code="d">OCLCQ</subfield></datafield><datafield ind1=" " ind2=" " tag="012"><subfield code="m">1</subfield></datafield><datafield ind1="1" ind2=" " tag="022"><subfield code="a">8750-3719</subfield><subfield code="l">8750-3719</subfield><subfield code="2">1</subfield></datafield><datafield ind1=" " ind2=" " tag="032"><subfield code="a">728930</subfield><subfield code="b">USPS</subfield></datafield><datafield ind1=" " ind2=" " tag="037"><subfield code="b">North Caddo County News, 108 E. Main, Hinton, OK 73047</subfield></datafield><datafield ind1=" " ind2=" " tag="042"><subfield code="a">nsdp</subfield></datafield><datafield ind1=" " ind2="4" tag="222"><subfield code="a">The North Caddo County news</subfield></datafield><datafield ind1="0" ind2="4" tag="245"><subfield code="a">The North Caddo County news.</subfield></datafield><datafield ind1=" " ind2=" " tag="260"><subfield code="a">Hinton, Okla. :</subfield><subfield code="b">Richard and Susan Hume</subfield></datafield><datafield ind1=" " ind2=" " tag="310"><subfield code="a">Weekly</subfield></datafield><datafield ind1="1" ind2=" " tag="362"><subfield code="a">Began in July 1984; ceased in Mar. 1986.</subfield></datafield><datafield ind1=" " ind2=" " tag="588"><subfield code="a">Description based on surrogate of: Vol. 1, no. 52 (Oct. 4, 1984).</subfield></datafield><datafield ind1=" " ind2=" " tag="752"><subfield code="a">United States</subfield><subfield code="b">Oklahoma</subfield><subfield code="c">Caddo</subfield><subfield code="d">Hinton.</subfield></datafield><datafield ind1="0" ind2="7" tag="785"><subfield code="t">Hydro review (Hydro, Okla. : 1901)</subfield><subfield code="w">(DLC)sn 97070082</subfield><subfield code="w">(OCoLC)37323827</subfield></datafield><datafield ind1="0" ind2="7" tag="785"><subfield code="t">Hydro review - Caddo County news</subfield><subfield code="w">(DLC)sn 97070216</subfield><subfield code="w">(OCoLC)37565861</subfield></datafield><datafield ind1=" " ind2=" " tag="936"><subfield code="a">Oct. 4, 1984</subfield></datafield></record>